@book{kennedy,
  title={Electronic Communication Systems},
  author={Kennedy G., Davis B.},
  year={1992},
  publisher={Macmillan/McGraw-Hill},
  address={Signapore}
}

@online{martin,
  author = {Martin D.},
  title = {Deep Space Network history},
  month = {22 juli},
  year = {2005},
  url = {https://deepspace.jpl.nasa.gov/dsn/history/},
  urldate = {5 oktober 2013}
}

@online{christiaens,
  author = {Christiaens K.},
  title = {NASA centra: Deep Space Network.},
  url = {http://www.spacepage.be/artikelen/ruimtevaart/ruimtevaartorganisaties/national-aeronautics-space-administration-nasa/nasa-centra-deep-space-network},
  urldate = {5 oktober 2013}
}

@online{updown,
  title = {What are uplink and downlink?},
  url = {http://www.qrg.northwestern.edu/projects/vss/docs/Communications/1-what-are-uplink-and-downlink.html},
  urldate = {5 oktober 2013}
}

@online{maan,
  title = {Maan},
  url = {https://nl.wikipedia.org/wiki/Maan},
  urldate = {5 oktober 2013}
}

@online{mars,
  title = {Mars},
  url = {https://nl.wikipedia.org/wiki/Mars\textunderscore (planeet)},
  urldate = {5 oktober 2013}
}

@online{radiowaves,
  title = {What are radio waves?},
  url = {http://www.qrg.northwestern.edu/projects/vss/docs/Communications/1-what-are-radio-waves.html},
  urldate = {5 oktober 2013}
}

@online{energiezonnepanelen,
  title = {Energie door zonnepanelen in de ruimte},
  url = {http://www.kennislink.nl/publicaties/energie-door-zonnepanelen-in-de-ruimte},
  urldate = {5 oktober 2013}
}

@online{elektromagnetischestraling,
  title = {Elektromagnetische straling},
  url = {https://nl.wikipedia.org/wiki/Elektromagnetische\textunderscore straling},
  urldate = {5 oktober 2013}
}

@online{wavelengths,
  title = {Are you on my wavelength?},
  month = {18 april},
  year = {2000},
  url = {http://news.bbc.co.uk/2/hi/uk\textunderscore news/716445.stm},
  urldate = {5 oktober 2013}
}

@online{radiowaves1,
  title = {How is data put on radio waves?},
  url = {http://www.qrg.northwestern.edu/projects/vss/docs/Communications/1-how-is-data-put-on-radio-waves.html},
  urldate = {5 oktober 2013}
}

@online{radiocontact,
  title = {Radiocontact met andere beschavingen in het heelal!},
  url = {http://www.qsl.net/pa2ohh/06setinl.htm},
  urldate = {5 oktober 2013}
}

@online{effelsberg,
  title = {The Effelsberg Radio Telescope},
  url = {http://www.epta.eu.org/telescopes/effelsberg.html},
  urldate = {5 oktober 2013}
}

@online{missies,
  title = {List of missions to the Moon},
  month = {11 augustus},
  year = {2016},
  url = {https://en.wikipedia.org/wiki/List\textunderscore of\textunderscore missions\textunderscore to\textunderscore the\textunderscore Moon\#Proposed\textunderscore Missions},
  urldate = {29 augustus 2016}
}

@online{AM,
  title = {Difference Between Amplitude Modulation and Frequency Modulation},
  month = {5 oktober},
  year = {2015},
  url = http://pediaa.com/difference-between-amplitude-modulation-and-frequency-modulation/},
  urldate = {29 augustus 2016}
}

@online{FM,
  title = {Audiologieboek},
  year = {2007},
  url = {http://www.audiologieboek.nl/htm/hfd5/5-3-1.htm},
  urldate = {29 augustus 2016}
}

%In Google Scholar kan je wetenschappelijke papers raadplegen (is hier niet gebeurd maar heel zeker aan te bevelen voor de kwaliteit van je verslag). De correcte manier om te refereren naar deze papers met behulp van LATEX is door te klikken op 'Citeren' onder de paper en daarna op 'BibTex' klikken en kopiÃ«ren en plakken. Deze referenties zijn gedetailleerder, een voorbeeld:

@article{heller1971viterbi,
  title={Viterbi decoding for satellite and space communication},
  author={Heller, Jerold and Jacobs, Irwin},
  journal={IEEE Transactions on Communication Technology},
  volume={19},
  number={5},
  pages={835--848},
  year={1971},
  publisher={IEEE}
}

%Het is geen probleem dat in de tekst niet verwezen wordt naar deze bron. Alle bronnen die je in bronnen.bib plaatst zonder referentie in de tekst worden niet opgenomen in de bibliografie. 
